 @article{test,
  author={Ranňik, Jkří},
  title={Title},
  journal={Journal},
  year={2016},
 }
